@article{hinton2015distilling,
  title   = {Distilling the Knowledge in a Neural Network},
  author  = {Geoffrey E. Hinton and Oriol Vinyals and Jeffrey Dean},
  journal = {ArXiv},
  year    = {2015},
  volume  = {abs/1503.02531}
}

@inproceedings{Vaswani2017AttentionIA,
    title     = {Attention is All you Need},
    author    = {Ashish Vaswani and Noam M. Shazeer and Niki Parmar and Jakob Uszkoreit and Llion Jones and Aidan N. Gomez and Lukasz Kaiser and Illia Polosukhin},
    booktitle = {NIPS},
    year      = {2017}
}


% The entry below contains non-ASCII chars that could not be converted
% to a LaTeX equivalent.
@TECHREPORT{Maley2013-it,
  title       = "{Multiplicative quaternion extended kalman filtering for
                 nonspinning guided projectiles}",
  author      = "Maley, James M",
  institution = "ARMY RESEARCH LAB ABERDEEN PROVING GROUND MD WEAPONS AND
                 MATERIALS RESEARCH â€¦",
  year        =  2013,
  url         = "https://apps.dtic.mil/sti/pdfs/ADA588831.pdf"
}


@ARTICLE{Sola2017-cy,
  title         = "{Quaternion kinematics for the error-state Kalman filter}",
  author        = "Sol{\`a}, Joan",
  month         =  nov,
  year          =  2017,
  url           = "http://arxiv.org/abs/1711.02508",
  archivePrefix = "arXiv",
  eprint        = "1711.02508",
  primaryClass  = "cs.RO",
  arxivid       = "1711.02508"
}
